@article{TakizukaAbe1977,
    title = {A binary collision model for plasma simulation with a particle code},
    journal = {Journal of Computational Physics},
    volume = {25},
    number = {3},
    pages = {205-219},
    year = {1977},
    issn = {0021-9991},
    doi = {https://doi.org/10.1016/0021-9991(77)90099-7},
    url = {https://www.sciencedirect.com/science/article/pii/0021999177900997},
    author = {Tomonor Takizuka and Hirotada Abe},
    abstract = {A binary collision model by the Monte Carlo method is proposed for plasma simulations with particle codes. The model describes a collision integral of the Landau form. Collisional effects in spatially uniform plasmas are simulated, and the results are in good agreement with theoretical ones.}
}

@article{Nanbu1997,
  title = {Theory of cumulative small-angle collisions in plasmas},
  author = {Nanbu, K.},
  journal = {Phys. Rev. E},
  volume = {55},
  issue = {4},
  pages = {4642--4652},
  numpages = {0},
  year = {1997},
  month = {Apr},
  publisher = {American Physical Society},
  doi = {10.1103/PhysRevE.55.4642},
  url = {https://link.aps.org/doi/10.1103/PhysRevE.55.4642}
}

@article{Rosenbluth1957,
  title = {Fokker-Planck Equation for an Inverse-Square Force},
  author = {Rosenbluth, Marshall N. and MacDonald, William M. and Judd, David L.},
  journal = {Phys. Rev.},
  volume = {107},
  issue = {1},
  pages = {1--6},
  numpages = {0},
  year = {1957},
  month = {Jul},
  publisher = {American Physical Society},
  doi = {10.1103/PhysRev.107.1},
  url = {https://link.aps.org/doi/10.1103/PhysRev.107.1}
}

@article{Wang2008,
    author = {Wang, Chiaming and Lin, Tungyou and Calfish, R. and Cohen, Bruce and Dimits, A.},
    year = {2008},
    month = {04},
    pages = {4308-},
    title = {Particle simulation of Coulomb collisions: Comparing the methods of Takizuka and Abe and Nanbu},
    volume = {227},
    journal = {J. Comp. Phys.},
    doi = {10.1016/j.jcp.2007.12.027}
}

@InProceedings{Mitchell2015,
  author       = {C.E. Mitchell and J. Qiang},
  title        = {{A} {P}arallel {P}article{-P}article, {P}article{-M}esh {S}olver for {S}tudying {C}oulomb {C}ollisions in the {C}ode {IMPACT-T}},
  booktitle    = {Proc. 6th International Particle Accelerator Conference (IPAC'15)},
  pages        = {593--595},
  paper        = {MOPMA024},
  language     = {english},
  keywords     = {emittance, electron, simulation, plasma, space-charge},
  venue        = {Richmond, VA, USA},
  series       = {International Particle Accelerator Conference},
  number       = {6},
  publisher    = {JACoW},
  address      = {Geneva, Switzerland},
  month        = {June},
  year         = {2015},
  isbn         = {978-3-95450-168-7},
  doi          = {https://doi.org/10.18429/JACoW-IPAC2015-MOPMA024},
  url          = {http://jacow.org/ipac2015/papers/mopma024.pdf}
}


@misc{Dimarco2010,
      title={Direct simulation Monte Carlo schemes for Coulomb interactions in plasmas}, 
      author={Giacomo Dimarco and Russell Caflisch and Lorenzo Pareschi},
      year={2010},
      eprint={1010.0108},
      archivePrefix={arXiv},
      url={https://arxiv.org/abs/1010.0108}, 
}