
@article{TakizukaAbe1977,
    title = {A binary collision model for plasma simulation with a particle code},
    journal = {Journal of Computational Physics},
    volume = {25},
    number = {3},
    pages = {205-219},
    year = {1977},
    issn = {0021-9991},
    doi = {https://doi.org/10.1016/0021-9991(77)90099-7},
    url = {https://www.sciencedirect.com/science/article/pii/0021999177900997},
    author = {Tomonor Takizuka and Hirotada Abe},
    abstract = {A binary collision model by the Monte Carlo method is proposed for plasma simulations with particle codes. The model describes a collision integral of the Landau form. Collisional effects in spatially uniform plasmas are simulated, and the results are in good agreement with theoretical ones.}
}

@article{Nanbu1997,
  title = {Theory of cumulative small-angle collisions in plasmas},
  author = {Nanbu, K.},
  journal = {Phys. Rev. E},
  volume = {55},
  issue = {4},
  pages = {4642--4652},
  numpages = {0},
  year = {1997},
  month = {Apr},
  publisher = {American Physical Society},
  doi = {10.1103/PhysRevE.55.4642},
  url = {https://link.aps.org/doi/10.1103/PhysRevE.55.4642}
}

@article{Rosenbluth1957,
  title = {Fokker-Planck Equation for an Inverse-Square Force},
  author = {Rosenbluth, Marshall N. and MacDonald, William M. and Judd, David L.},
  journal = {Phys. Rev.},
  volume = {107},
  issue = {1},
  pages = {1--6},
  numpages = {0},
  year = {1957},
  month = {Jul},
  publisher = {American Physical Society},
  doi = {10.1103/PhysRev.107.1},
  url = {https://link.aps.org/doi/10.1103/PhysRev.107.1}
}

@article{Wang2008,
    author = {Wang, Chiaming and Lin, Tungyou and Calfish, R. and Cohen, Bruce and Dimits, A.},
    year = {2008},
    month = {04},
    pages = {4308-},
    title = {Particle simulation of Coulomb collisions: Comparing the methods of Takizuka and Abe and Nanbu},
    volume = {227},
    journal = {J. Comp. Phys.},
    doi = {10.1016/j.jcp.2007.12.027}
}

@InProceedings{Mitchell2015,
  author       = {C.E. Mitchell and J. Qiang},
  title        = {{A} {P}arallel {P}article{-P}article, {P}article{-M}esh {S}olver for {S}tudying {C}oulomb {C}ollisions in the {C}ode {IMPACT-T}},
  booktitle    = {Proc. 6th International Particle Accelerator Conference (IPAC'15)},
  pages        = {593--595},
  paper        = {MOPMA024},
  language     = {english},
  keywords     = {emittance, electron, simulation, plasma, space-charge},
  venue        = {Richmond, VA, USA},
  series       = {International Particle Accelerator Conference},
  number       = {6},
  publisher    = {JACoW},
  address      = {Geneva, Switzerland},
  month        = {June},
  year         = {2015},
  isbn         = {978-3-95450-168-7},
  doi          = {https://doi.org/10.18429/JACoW-IPAC2015-MOPMA024},
  url          = {http://jacow.org/ipac2015/papers/mopma024.pdf}
}


@misc{Dimarco2010,
      title={Direct simulation Monte Carlo schemes for Coulomb interactions in plasmas}, 
      author={Giacomo Dimarco and Russell Caflisch and Lorenzo Pareschi},
      year={2010},
      eprint={1010.0108},
      archivePrefix={arXiv},
      url={https://arxiv.org/abs/1010.0108}, 
}




% ------------------- websites ------------------------
@misc{wikipedia_plasma_propulsion,
  author       = {Wikipedia contributors},
  title        = {Plasma propulsion engine},
  year         = {2024},
  url          = {https://en.wikipedia.org/wiki/Plasma_propulsion_engine},
  note         = {Accessed: 2024-07-20}
}

@inproceedings{muralikrishnan2024scaling,
  title={Scaling and performance portability of the particle-in-cell scheme for plasma physics applications through mini-apps targeting exascale architectures},
  author={Muralikrishnan, Sriramkrishnan and Frey, Matthias and Vinciguerra, Alessandro and Ligotino, Michael and Cerfon, Antoine J and Stoyanov, Miroslav and Gayatri, Rahulkumar and Adelmann, Andreas},
  booktitle={Proceedings of the 2024 SIAM Conference on Parallel Processing for Scientific Computing (PP)},
  pages={26--38},
  year={2024},
  organization={SIAM},
  url={https://github.com/IPPL-framework/ippl}
}

@misc{fitzpatrick_coulomb_logarithm,
  author       = {Fitzpatrick, Richard},
  title        = {Coulomb Logarithm},
  year         = {2024},
  url          = {https://farside.ph.utexas.edu/teaching/plasma/Plasma/node39.html},
  note         = {Accessed: 2024-07-20}
}

@misc{mayani2024massivelyparallelperformanceportable,
      title={A Massively Parallel Performance Portable Free-space Spectral Poisson Solver}, 
      author={Sonali Mayani and Veronica Montanaro and Antoine Cerfon and Matthias Frey and Sriramkrishnan Muralikrishnan and Andreas Adelmann},
      year={2024},
      eprint={2405.02603},
      archivePrefix={arXiv},
      primaryClass={physics.comp-ph},
      url={https://arxiv.org/abs/2405.02603}, 
}

@misc{CubeLinePicking,
  author = {Eric W. Weisstein},
  title = {Cube Line Picking},
  year = {2024},
  url = {https://mathworld.wolfram.com/CubeLinePicking.html},
  note = {Accessed: 2024-07-25}
}

@misc{aliemen2024,
  author       = {Alexander Liemen},
  title        = {FS24 Semester Project},
  year         = {2024},
  howpublished = {GitHub repository},
  url          = {https://github.com/aliemen/FS24-Semester-Project},
  note         = {The repository to my semester project in computational physics.}
}




